@misc{mrl0001,
    author = {Surae Noether and Sarang Noether and Adam Mackenzie},
    title = {A Note on Chain Reactions in Traceability in {C}rypto{N}ote 2.0},
    howpublished = {Monero Research Lab, MRL-0001},
    year = {2014},
    note = {\url{https://lab.getmonero.org}}
}

@misc{mrl0004,
    author = {Adam Mackenzie and Surae Noether},
    title = {Improving Obfuscation in the {C}rypto{N}ote Protocol},
    howpublished = {Monero Research Lab, MRL-0004},
    year = {2015},
    note = {\url{https://lab.getmonero.org}}
}

@misc{kumar,
    author = {Amrit Kumar and Cl\'{e}ment Fischer and Shruti Tople and Prateek Saxena},
    title = {A Traceability Analysis of {M}onero's Blockchain},
    howpublished = {Cryptology ePrint Archive, Report 2017/338},
    year = {2017},
    note = {\url{https://eprint.iacr.org/2017/338}},
}

@ARTICLE{moser,
   author = {{M{\"o}ser}, M. and {Soska}, K. and {Heilman}, E. and {Lee}, K. and 
	{Heffan}, H. and {Srivastava}, S. and {Hogan}, K. and {Hennessey}, J. and 
	{Miller}, A. and {Narayanan}, A. and {Christin}, N.},
    title = "{An Empirical Analysis of Traceability in the {M}onero Blockchain}",
  journal = {ArXiv e-prints},
archivePrefix = "arXiv",
   eprint = {1704.04299},
 primaryClass = "cs.CR",
 keywords = {Computer Science - Cryptography and Security},
     year = 2017,
    month = apr,
   adsurl = {http://adsabs.harvard.edu/abs/2017arXiv170404299M},
  adsnote = {Provided by the SAO/NASA Astrophysics Data System}
}

@misc{wijaya,
    author = {Dimaz Ankaa Wijaya and Joseph Liu and Ron Steinfeld and Dongxi Liu},
    title = {{M}onero Ring Attack: Recreating Zero Mixin Transaction Effect},
    howpublished = {Cryptology ePrint Archive, Report 2018/348},
    year = {2018},
    note = {\url{https://eprint.iacr.org/2018/348}},
}